% This file was created with JabRef 2.3.1.
% Encoding: ISO8859_1

@MISC{ASR,
  author = {Häb-Umbach, Reinhold, Prof. Dr.-Ing.},
  title = {Algorithmen der Spracherkennung},
  month = {October},
  year = {2007},
  file = {:home/leutnant/lehre/ASR/asr_09.10.07.pdf:PDF},
  owner = {leutnant},
  timestamp = {2008.03.26}
}

@MISC{DSSV,
  author = {Häb-Umbach, Reinhold, Prof. Dr.-Ing.},
  title = {Digitale Sprachsignalverarbeitung},
  month = {April},
  year = {2007},
  file = {Script Digitale Sprachsignalverarbeitung:home/leutnant/lehre/DSSV/dssv-zweiseitig_03_04_07.pdf:PDF},
  owner = {leutnant},
  timestamp = {2008.03.26}
}

@MISC{OAF,
  author = {Häb-Umbach, Reinhold, Prof. Dr.-Ing.},
  title = {Optimale und adaptive Filter},
  month = {October},
  year = {2007},
  file = {Script Optimale und adaptive Filter:home/leutnant/lehre/OAF/WS0708/Script_09_10_07.pdf:PDF},
  owner = {leutnant},
  timestamp = {2008.03.26}
}

@MISC{SLM,
  author = {Häb-Umbach, Reinhold, Prof. Dr.-Ing.},
  title = {Statistische Lernverfahren und Mustererkennung},
  year = {2006},
  file = {Script Statistische Lernverfahren und Mustererkennung:home/leutnant/lehre/SLM/lernen-zweiseitig.pdf:PDF},
  owner = {leutnant},
  timestamp = {2008.03.26}
}

@comment{jabref-meta: selector_publisher:}

@comment{jabref-meta: selector_author:}

@comment{jabref-meta: selector_journal:}

@comment{jabref-meta: selector_keywords:}

