@ARTICLE{xby1975,
  author = {Oetken, G. and Parks, T. and Schussler, H.},
  title = {New results in the design of digital interpolators},
  journal = IEEE_J_ASSP,
  year = {1975},
  volume = {23},
  pages = {301--309},
  number = {3},
  month = {Jun },
  abstract = {The design of optimum interpolators for band-limited sequences is
	considered. Newly found propertiesof theses interpolators are discussed
	and used to simplify the design.},
  file = {New results in the design of digital interpolators:home/leutnant/jabref/papers/speechproc/Oetken1975.pdf:PDF},
  owner = {leutnant},
  timestamp = {2008.06.09}
}


@Manual{ars_script,
  author = {Prof.Dr.Reinhold Haeb-Umbach, Universitaet Paderborn},
  title = {Algorithmen der Spracherkennung},
  %journal = IEEE_J_AC,
  year = {ws2009/2010}
  %volume = {17},
  %pages = {439--448},
  %number = {4},
  %editor = {Sorenson, H.},
  %file = {:home/leutnant/jabref/papers/asr/Alspach1972c.pdf:PDF},
  %issn = {0018-9286},
  %keywords = {Approximation methods, Bayes procedures, Nonlinear estimation, Nonlinear
	%systems, stochastic discrete-time, State estimation},
  %owner = {leutnant},
  %timestamp = {2008.03.13}
}
@MANUAL{book_speech,
  author = {Daniel,Jurafsky and James, H. Martin},
  title = {Speech and language processing},
  journal = Prentice-Hall,
  year = {2000}
}

@MANUAL{int_MLE,
  author = {},
  title = {Maximum-Likelihood-Methode},
  url = http://de.wikipedia.org/wiki/Maximum-Likelihood-Methode
 % year = {2000},
 % volume = {23},
 % pages = {301--309},
 % number = {3},
 % month = {Jun },
 % file = {New results in the design of digital interpolators:home/leutnant/jabref/papers/speechproc/Oetken1975.pdf:PDF},
 % owner = {leutnant},
 % timestamp = {2008.06.09}
}

@MANUAL{folie_script,
  author = {Volker Leutnant},
  title = {Algotihmen der Spracherkennung:Sprachemodellierung},  	  %journal = ,
  year = {2009}
 % volume = {23},
 % pages = {301--309},
 % number = {3},
 % month = {Jun },
 % file = {New results in the design of digital interpolators:home/leutnant/jabref/papers/speechproc/Oetken1975.pdf:PDF},
 % owner = {leutnant},
 % timestamp = {2008.06.09}
}

@Manual{int_entropie,
  author = {},
  title = {Entropie (Informationstheorie)},  	  
  url = http://de.wikipedia.org/wiki/Entropie_(Informationstheorie)
  %year = {2009}
 % volume = {23},
 % pages = {301--309},
 % number = {3},
 % month = {Jun },
 % file = {New results in the design of digital interpolators:home/leutnant/jabref/papers/speechproc/Oetken1975.pdf:PDF},
 % owner = {leutnant},
 % timestamp = {2008.06.09}
}