@Book{script_FT_TET,
  author = {Schuhmann,R.},
  title = {Script:Feldtheorie und Theoretische Elektrotechnik},
  publisher={Fachgebiet Theoretische Elektrotechnik, University Paderborn},
  year = {2009},
  month= {Apri}
}


@ARTICLE{laser_gaussianbeam_propagation,
  author = {Javier Alda},
  title = {Laser and Gaussian Beam Propagation and Transformation},
  journal = {Encyclopedia of Optical Engineering},
  year = {2003},
  volume = {DOI: 10.1081/E-EOE 120009751},
  pages = {999--1013},
  month = {September }
}
@ARTICLE{FIT_discrete_method,
  author = {T.Weiland},
  title = {A discretization method for the solution of Maxwell's equations for six-component fields},
  journal = {Electronics and Communications AE\"'U},
  year = {1977},
  volume = {Vol.31},
  number={3},
  pages = {116-120}
}
@ARTICLE{FIT_discrete_electrommagnetism,
  author = {M.Clemens and T.Weiland},
  title = {Discrete Electromagnism with The Finite integration Technique},
  journal = {Progress In Electromagnetics Research},
  year = {2001},
  volume = {PIER 32},
  pages = {65-87}
}

@ARTICLE{FIT_triangular_discretization,
  author = {van Rienen,U. and T.Weiland},
  title = {Triangular discretization method
for the evaluation of RF-fields in cylindrically symmetric cavities},
  journal = {IEEE Transactionson Magnetics},
  year = {1985},
  volume = {Vol. MAG-21,No.6},
  pages = {2317-2320}
}

@ARTICLE{FDTD_nonorthogonal_grids,
  author = {Schumann,R. and T.Weiland},
  title = {A stable interpolation technique
for FDTD on nonorthogonal grids},
  journal = {International Journal on Numerical Modelling},
  year = {1998},
  volume = {Vol. 11},
  pages = {299-306}
}

@Book{script_FeldSim,
  author = {T.Weiland and R.Schuhmann},
  title = {Script:Elektromagnetische Feldsimulation},
  publisher={Fachgebiet Theoretische Elektrotechnik, University Paderborn}
}

@Manual{CVI_Melles_Griot_Technical_Guide,
  title = {Gaussian Beam Optics 2},
  address={www.cvimellesgriot.com},
  note={CVI Melles Griot Technical Guide}
}


%@ARTICLE{xby1975,
%  author = {Oetken, G. and Parks, T. and Schussler, H.},
%  title = {New results in the design of digital interpolators},
%  journal = IEEE_J_ASSP,
%  year = {1975},
%  volume = {23},
%  pages = {301--309},
%  number = {3},
%  month = {Jun },
%  file = {New results in the design of digital interpolators:home/leutnant/jabref/papers/speechproc/Oetken1975.pdf:PDF},
%  owner = {leutnant},
%  timestamp = {2008.06.09}
%}



%@Manual{int_slm_toolkit,
%  author = {},
%  title = {Statical Language Modeling Toolkit},  	  
%  url = {http://www.speech.cs.cmu.edu/SLM/toolkit.html}
%}